@Article{Choi1993,
   author  = "B. Choi and R. Temam and P. Moin and J. Kim",
   title   = "Feedback Control for Unsteady Flow and Its Application to the Stochastic Burgers Equation",
   journal = "J. Fluid Mech",
   volume  = 253,
   pages   = "509-543",
   year    = 1993
}            

@Article{Okten2005,
   author  = "G. Okten",
   title   = "Solving Linear Equations by {Monte Carlo} Simulation",
   journal = "SIAM J. Sci. Comput.",
   volume  = 27,
   number  = 2,
   pages   = "511-531",
   year    = 2005
}            

@incollection{Tan2001,
    author = "C. J. K. Tan and V. Alexandrov",
    title = "Relaxed {Monte Carlo} Linear Solver",
    booktitle = "Computational Science (Part II)",
    editor = {V. N. Alexandrov and J. J. Dongarra and B. A.
              Juliano and R. S. Renner and C. J. K. Tan},
    series = "Lecture Notes in Computer Science",
    volume = 2074,
    publisher = "Springer-Verlag",
    pages = {1289-1298},
    year = {2001}
}


@Article{Tan2002,
   author  = "C. J. K. Tan",
   title   = "Solving Systems of Linear Equations with Relaxed {Monte Carlo} Method",
   journal = "The Journal of Supercomputing",
   volume  = 22,
   pages   = "113-123",
   year    = 2002
}

@Article{Srinivasan2003,
   author  = "A. Srinivasan",
   title   = "Improved {Monte Carlo} Linear Solvers through Non-diagonal Splitting",
   journal = "ICCSA (3)",
   pages   = "168-177",
   year    = 2003
}            

@Article{Griewank1992,
   author  = "A. Griewank",
   title   = "Achieving Logarithmic Growth of Temporal and Spatial Complexity in Reverse Automatic Differentiation",
   journal = "Optimization Methods and Software",
   volume  = 1,
   pages   = "35-54",
   year    = 1992
}            

@Article{Griewank2003,
   author  = "A. Griewank",
   title   = "A Mathematical View of Automatic Differentiation",
   journal = "Acta Numerica",
   pages   = "321-398",
   year    = 2003
}            

@Article{Griewank2004,
   author  = "A. Walther and A. Griewank",
   title   = "Advantages of Binomial Checkpointing for Memory-reduced Adjoint Calculations",
   journal = "Numerical Mathematics and Advanced Applications",
   pages   = "834-843",
   year    = 2004
}            

@Article{Jameson1988,
   author  = "A. Jameson",
   title   = "Aerodynamic Design via Control Theory",
   journal = "J. of Scientific Computing",
   volume  = 3,
   pages   = "233-260",
   year    = 1988
}            

@Article{McNamara2004,
   author  = "A. McNamara and A. Treuille and Z. Popovic and J. Stam",
   title   = "Fluid Control Using the Adjoint Method",
   journal = "ACM Transactions on Graphics",
   year    = 2004
}            

@inbook{Pierce2002,
   author    = "M. B. Giles and N. A. Pierce",
   title     = "Adjoint Error Correction for Integral Outputs",
   series    = "Error Estimation and Adaptive Discretization Methods in Computational Fluid Dynamics",
   pages     = "47-96",
   publisher = "Springer-Verlag",
   year      = 2002
}            


@Article{Giles2002,
   author  = "M. B. Giles and E. Suli",
   title   = "Adjoint methods for PDEs: a posteriori error analysis and postprocessing by duality",
   journal = "Acta Numer.",
   volume  = 11,
   pages   = "145-236",
   year    = 2002
}            

@Article{Giles2000,
   author  = "M. B. Giles and N. A. Pierce",
   title   = "An Introduction to the Adjoint Approach to Design",
   journal = "Flow, Turbulence and Combustion",
   volume  = 65,
   pages   = "393-415",
   year    = 200
}            

@Article{Hoffman2005,
   author  = "J. Hoffman",
   title   = "Weak Uniqueness of the Navier-Stokes Equations and Adaptive Turbulence Simulation",
   journal = "entry for the Leslie Fox Prize",
   year    = 2005
}            

@Article{Hoffman2004,
   author  = "J. Hoffman",
   title   = "On duality based a posteriori error estimation in various norms and linear functionals for LES",
   journal = "SIAM J. Sci. Comput.",
   volume  = 26,
   number  = 1,
   pages   = "178-195",
   year    = 2004
}            

@Article{Hanrahan2000,
   author  = "M. Pharr and P. Hanrahan",
   title   = "{Monte Carlo} Evaluation of Non-Linear Scattering Equations for Subsurface Reflection",
   journal = "Proceedings of SIGGRAPH",
   year    = 2000
}            


@book{Golub1996,
   author    = "G. H. Golub and C. F. Van Loon",
   title     = "Matrix Computations",
   publisher = "The Johns Hopkins Univ. Press, Baltimore",
   year      = 1996
}            

@Article{Gunzburger1999,
   author  = "M. D. Gunzburger and S. Manservisi",
   title   = "The Velocity Tracking Problem for Navier--Stokes Flows with Bounded Distributed Controls",
   journal = "SIAM J. Control Optim.",
   volume  = 37,
   number  = 6,
   pages   = "1913-1945",
   year    = 1999
}            

@Article{Gunzburger2000,
   author  = "M. D. Gunzburger and S. Manservisi",
   title   = "Analysis and Approximation for Linear Feedback Control for Tracking the Velocity in Navier-Stokes Flows",
   journal = "Computer Methods in Applied Mechanics and Engineering",
   volume  = 189,
   number  = 3,
   pages   = "803-823",
   year    = 2000
}            

@Article{Bryson1969,
   author  = "A. E. Bryson and M. N. Desai and W. C. Hoffman",
   title   = "Energy State Approximation in Performance Optimization of Supersonic Aircraft",
   journal = "Journal of Aircraft",
   volume  = 6,
   number  = 12,
   pages   = "488-490",
   year    = 1969
}            

@book{Rubinstein1981,
   author    = "R. Y. Rubinstein",
   title     = "Simulation and the {Monte Carlo} Method",
   publisher = "John Wiley and Sons, New York",
   year      = 1981
}            

@book{Westlake1968,
   author    = "J. R. Westlake",
   title     = "A Handbook of Numerical Matrix Inversion and Solution of Linear Equations",
   publisher = "John Wiley and Sons, New York",
   year      = 1968
}            

@conference{Dimov1998,
   author    = "I. Dimov",
   title     = "{Monte Carlo} Algorithms for Linear Problems",
   booktitle = "Lecture Notes of the 9th International Summer School on Probability Theory and Mathematical Statistics",
   editor    = "N. M. Yanev",
   publisher = "SCT Publishing",
   pages     = "51-71",
   year      = 1998,
}            


@Article{Alexandrov1998,
   author  = "V. N. Alexandrov",
   title   = "Efficient Parallel {Monte Carlo} Methods for Matrix Computations",
   journal = "Mathematics and Computers in Simulation",
   volume  = 47,
   pages   = "113-122",
   year    = 1998
}            

@inbook{Forsythe1950,
   author    = "S. E. Forsythe and R. A. Liebler",
   chapter   = "Matrix Inversion by a {Monte Carlo} Method",
   title     = "Mathematical Tables and Other Aids to Computation",
   pages     = "127-129",
   year      = 1950
}            

@Article{Metropolisand1949,
   author  = "N. Metropolisand and S. Ulam",
   title   = "The {Monte Carlo} Method",
   journal = "Journal of the American Statistical Association",
   volume  = 44,
   pages   = "335-341",
   year    = 1949
}            

@book{Sobol1973,
   author    = "I. M. Sobol",
   title     = "{Monte Carlo} Numerical Methods",
   edition   = "in Russian",
   year      = 1973,
   publisher = "Nauka",
   address   = "Moscow, Russian",
}            

@conference{Dimov1991,
   author    = "I. Dimov", 
   title     = "Minimization of the Probable Error for some {Monte Carlo} Methods",
   pages     = "159-170",
   publisher = "Publication House of the Bulgarian Acad. Sci.",
   booktitle = "Proceedings of the Summer School on Mathematical Modelling and Scientific Computations",
   address   = "Alberta, Bulgaria",
   year      = 1991,
}            



@Article{Dimov1993,
   author  = "I. Dimov and O. Tonev",
   title   = "Random walk on distant mesh points {Monte Carlo} methods",
   journal = "Journal of Statistical Physics",
   volume  = 70,
   pages   = "1333-1342",
   year    = 1993
}            

@Article{Dimov1994,
   author  = "G. Megson and V. Alexandrov and I. Dimov",
   title   = "Systolic matrix inversion using a {Monte Carlo} method",
   journal = "Journal of Parallel Algorithms and Applications",
   volume  = 3,
   pages   = "311-330",
   year    = 1994
}            

@article{griewank92,
    author = "A. Griewank",
    title = "Achieving Logarithmic Growth of Temporal and Spatial Complexity in Reverse Automatic Differentiation",
    journal = "Optimization Methods and Software",
    volume = "1",
    pages = "35-54",
    year = "1992",
    url = "citeseer.ist.psu.edu/griewank91achieving.html"
}

@article{griewank00,
    author = {A. Griewank and A. Walther},
    title = {Algorithm 799: revolve: an implementation of checkpointing for the reverse or adjoint mode of computational differentiation},
    journal = {ACM Trans. Math. Softw.},
    volume = {26},
    number = {1},
    year = {2000},
    issn = {0098-3500},
    pages = {19-45},
    doi = {http://doi.acm.org/10.1145/347837.347846},
    publisher = {ACM},
    address = {New York, NY, USA},
}

@article{hinze2005,
    author = {M. Hinze and J. Sternberg},
    title = {A-Revolve: An adaptive memory- and run-time-reduced procedure for calculating adjoints; with an application to the instationary Navier-Stokes system},
    journal = {Optimization Methods and Software},
    volume = {20},
    pages = {645-663},
    year = {2005}
}

@inproceedings{heuveline2006,
    author = {V. Heuveline and A. Walther},
    title = {Online checkpointing for parallel adjoint computation in PDEs: Application to goal oriented adaptivity and flow control},
    booktitle = {Proceedings of Euro-Par 2006 Parallel Processing},
    editor = {W. Nagel et al.},
    key = {LNCS 4128},
    pages = {689-699},
    publisher = {Springer},
    year = {2006}
}

@article{charpentier2001,
    author = {I. Charpentier},
    title = {Checkpointing Schemes for Adjoint Codes: Application to the Meteorological Model {Meso-NH}},
    journal = {SIAM J. Sci. Comput.},
    volume = {22},
    number = {6},
    year = {2001},
    issn = {1064-8275},
    pages = {2135-2151},
    doi = {http://dx.doi.org/10.1137/S1064827598343735},
    publisher = {Society for Industrial and Applied Mathematics},
    address = {Philadelphia, PA, USA},
}

@article{bewley01,
   author = "T. R. Bewley and P. Moin and R. Temam",
   title = "{DNS}-based predictive control of turbulence: an optimal target for
            feedback algorithms",
   journal = "J. Fluid Mech.",
   volume = "447",
   pages = "179-225",
   year = "2001"
} 

@conference{andrea06,
   author = "A. Kowarz and A. Walther",
   title = "Optimal Checkpointing for time-stepping procedures.",
   editor = "V. Alexandrov et al.",
   booktitle = "Proceedings of ICCS 2006, LNCS 3994",
   pages = "541-549",
   publisher = "Springer",
   year = 2006
}

@misc{andrea08,
   author = "P. Stumm and A. Walther",
   title = "Towards the Economical Computation of Adjoints in PDEs Using Optimal
            Online Checkpointing",
   howpublished = "Deutsche Forschungsgemeinschaft Schwerpunktprogramm 1253,
                   Tech. Rep. SPP 1253-15-04",
   year = 2008
}

@article{wangjcp,
   author = {Q. Wang and D. Gleich and A. Saberi and N. Etemadi and P. Moin},
   citeulike-article-id = {2789938},
   doi = {10.1016/j.jcp.2008.03.006},
   journal = {Journal of Computational Physics},
   keywords = {adjoint, aerodynamics},
   month = {June},
   number = {12},
   pages = {6184-6205},
   posted-at = {2008-05-12 17:19:07},
   priority = {2},
   title = {A {Monte Carlo} method for solving unsteady adjoint equations},
   url = {http://dx.doi.org/10.1016/j.jcp.2008.03.006},
   volume = {227},
   year = {2008}
}

@unpublished{wang_siam08,
    author = "Q. Wang and P. Moin",
    title = "Optimal Dynamic Checkpointing Algorithm for Unsteady Adjoint
             Calculation",
    note = "submitted to SIAM Journal on Scientific Computing"
}

@article{fey:1547,
   author = {U. Fey and M. Konig and H. Eckelmann},
   collaboration = {},
   title = {A new Strouhal--Reynolds-number relationship for the circular
            cylinder in the range $47 \le Re \le 2 \times 10^5$},
   publisher = {AIP},
   year = {1998},
   journal = {Physics of Fluids},
   volume = {10},
   number = {7},
   pages = {1547-1549},
   keywords = {wakes; vortices; laminar to turbulent transitions},
   url = {http://link.aip.org/link/?PHF/10/1547/1},
   doi = {10.1063/1.869675}
}

@ARTICLE{rotary_control,
   author = {P. T. Tokumaru and P. E. Dimotakis},
    title = "{Rotary oscillation control of a cylinder wake}",
  journal = {Journal of Fluid Mechanics},
     year = 2006,
    month = apr,
   volume = 224,
    pages = {77-90},
      doi = {10.1017/S0022112091001659},
   adsurl = {http://adsabs.harvard.edu/abs/2006JFM...224...77T},
  adsnote = {Provided by the SAO/NASA Astrophysics Data System}
}

@conference{mars_entry,
   author = "D. Bose and M. Wright",
   title = "Uncertainty Analysis of Laminar Aeroheating Predictions for Mars
            Entries.",
   editor = "V. Alexandrov et al.",
   booktitle = "38th AIAA Thermophysics Conference",
   pages = "652-662",
   publisher = "AIAA 2005-4682",
   year = 2006
}

@article{poly_chaos,
   author = "D. Xiu and G. E. Karniadakis",
   title = "Modeling uncertainty in flow simulations via generalized
            polynomial chaos",
   journal = "Journal of Computational Physics",
   volume = 187,
   number = 1,
   year = 2003,
   pages = "137-167",
}

@article{collocation,
    Journal = "Numerical Algorithms",
    Title = "Stochastic Approaches to Uncertainty Quantification in
             CFD Simulations",
    Volume = "38-1",
    Pages = "209-236",
    year = 2005,
    Author = "L. Mathelin and M. Hussaini and T. Zang",
}

# uncertainty overall

@article{overall,
title = "QUANTIFICATION OF UNCERTAINTY IN COMPUTATIONAL FLUID DYNAMICS",
journal = "Annual Review of Fluid Mechanics",
volume = 29,
pages = "123-160",
year = 1997,
author = "P. J. Roache",
}

# Uncertainty weather

@article{weather1,
   author = "T. N. Palmer",
   title = "Predicting uncertainty in forecasts of weather and climate",
   journal = "Rep. Prog. Phys.",
   volume = "63",
   pages = "71-116",
   year = "2000",
}

@article{weather2,
   author = "C. Pantano",
   title = "Least-squares dynamic approximation method for evolution of uncertainty in initial conditions of dynamical systems",
   journal = "Physical Review E",
   volume = "76",
   year = 2007,
}

@article{weather3,
   author = "M. S. Roulston and G. E. Bolton and A. N. Kleit and A. L. Sears-Collins",
   title = "A Laboratory Study of the Benefits of Including Uncertainty Information in Weather Forecasts",
   journal = "Weather and Forecasting",
   volume = "21",
   pages = "116",
   year = "2006",
}

@article{weather4,
title = "Important literature on the use of adjoint, variational methods and the {Kalman} filter in meteorology",
author = "P. Courtier and J. Derber and R. Errico and J. F. Louis and T. Vukicevic",
journal = "Tellus A",
volume = 45,
number = 5,
pages = "342-357",
year = "2002",
}

# uncertainty CFD

@conference{design1,
   author = "L. Green and H. Lin and M. Khalessi",
   title = {Probabilistic Methods for Uncertainty Propagation Applied to Aircraft Design},
   booktitle = "20th AIAA Applied Aerodynamics Conference",
   year = {2002},
}

@ARTICLE{design2,
    author = {X. Du and W. Chen},
    title = {Methodology for Managing the Effect of Uncertainty in Simulation-Based Design},
    journal = {AIAA Journal},
    year = {},
    volume = {38},
    pages = {1471-1478}
}

@misc{design4,
title = "Prediction and Uncertainty in Computational Modeling of Complex Phenomena: A Whitepaper",
author = "T. G. Trucano",
year = 1998,
}

# sources quantify

@book{sources,
title = "Quantifying uncertainty in analytical measurement",
publisher = "CEPIS",
author = "S. L. R. Ellison and M. Rosslein and A. Williams",
year = 2000
}

@conference{modeluq1,
title = "Uncertainty quantification in large computational engineering models",
author = "S. F. Wojtkiewicz and M. S. Eldred and R. V. Field and A. Urbina and J. R. Red-Horse",
booktitle = "42nd AIAA/ASME/ASCE/AHS/ASC Structures, Structural Dynamics, and Materials (SDM) Conference",
year = 2001
}

@article{modeluq2,
   author = {D. Draper},
   title = {Assessment and Propagation of Model Uncertainty},
journal = "Journal of the Royal Statistical Society. Series B",
volume = 57,
number = 1,
pages = "45-97",
   year = {1995}
}

#frameworks

@article{probability,
author = "J. C. Helton and W. L. Oberkampf",
title = "Alternative representations of epistemic uncertainty",
journal = "Reliability Engineering and System safety",
volume = 85,
number = 1,
year = 2004,
pages = "1-10",
}

@book{fuzzy,
title = "Fuzzy set theory--and its applications",
author = "H. Zimmermann",
edition = "3rd",
year = 1996,
publisher = "Kluwer Academic Publishers"
}

@article{evidence1,
title = "An approximation approach for uncertainty quantification using evidence theory",
author = "H. Bae and R. V. Grandhi and R. A. Canfield",
year = 2004,
journal = "Reliability engineering and systems safety",
volume = 86,
number = 3,
pages = "215-225",
}

@article{evidence2,
title = "Uncertainty quantification using evidence theory in multidisciplinary design optimization",
journal = "Reliability Engineering and System Safety",
volume = 85,
number = 1,
year = 2004,
author = "Z. P. Mourelatos and J. Zhou",
pages = "281-294",
}

#surface
@article{response_sur,
author = "S. S. Isukapalli and A. Roy and P. G. Georgopoulos",
title = "Stochastic Response Surface Methods (SRSMs) for Uncertainty Propagation: Application to Environmental and Biological Systems",
journal = "Risk Analysis",
volume = 18,
number = 3,
pages = "351-363",
year = 1998,
}

@article{chaotic,
 author = {Y. Yu and M. Zhao and T. Lee and N. Pestieau and W. Bo and J. Glimm and J. W. Grove},
 title = {Uncertainty quantification for chaotic computational fluid dynamics},
 journal = {J. Comput. Phys.},
 volume = {217},
 number = {1},
 year = {2006},
 issn = {0021-9991},
 pages = {200-216},
 doi = {http://dx.doi.org/10.1016/j.jcp.2006.03.030},
 publisher = {Academic Press Professional, Inc.},
 address = {San Diego, CA, USA},
 }

@article{monte1,
author = "G. Kuczera and E. Parent",
title = "{Monte Carlo} assessment of parameter uncertainty in conceptual catchment models: the Metropolis algorithm",
journal = "Journal of Hydrology",
volume = "211",
pages = "69-85",
year = 1998
}

@book{monte3,
title = "{Monte Carlo} methods",
author = "J. M. Hammersley and D. C. Handscomb",
publisher = "Methuen",
year = 1964
}

#polychaos

@article{polychaos2,
author = {D. Xiu and G. E. Karniadakis},
title = {The Wiener--Askey Polynomial Chaos for Stochastic Differential Equations},
publisher = {SIAM},
year = {2002},
journal = {SIAM Journal on Scientific Computing},
volume = {24},
number = {2},
pages = {619-644},
}

@article{polychaos3,
author = {R. Ghanem and P. D. Spanos},
title = {Polynomial Chaos in Stochastic Finite Elements},
publisher = {ASME},
year = {1990},
journal = {Journal of Applied Mechanics},
volume = {57},
number = {1},
pages = {197-202},
}

@article{polychaos4,
author = "O. Rubinstein and M. Choudhari",
title = "Uncertainty Quantification for Systems with Random Initial Conditions Using Wiener--Hermite Expansions",
journal = "Studies in Applied Mathematics",
volume = 114,
number = 2,
pages= "167-188",
year = 2005,
}

@conference{polychaos5,
title = " A Non-Intrusive Polynomial Chaos Method For Uncertainty Propagation in CFD Simulations",
author = "S. Hosder and R. Perez and R. Walters",
booktitle = "44th AIAA Aerospace Sciences Meeting and Exhibit",
year = 2006
}

@article{polychaos6,
 author = {B. J. Debusschere and H. N. Najm and P. P. Pbay and O. M. Knio and R. G. Ghanem and O. P. Le Maitre},
 title = {Numerical Challenges in the Use of Polynomial Chaos Representations for Stochastic Processes},
 journal = {SIAM J. Sci. Comput.},
 volume = {26},
 number = {2},
 year = {2005},
 pages = {698-719},
 publisher = {Society for Industrial and Applied Mathematics},
 address = {Philadelphia, PA, USA},
 }

#collocation

@article{collocation1,
 author = {I. Babuska and F. Nobile and R. Tempone},
 title = {A Stochastic Collocation Method for Elliptic Partial Differential Equations with Random Input Data},
 journal = {SIAM J. Numer. Anal.},
 volume = {45},
 number = {3},
 year = {2007},
 pages = {1005-1034},
 publisher = {Society for Industrial and Applied Mathematics},
 address = {Philadelphia, PA, USA},
 }

@conference{collocation2,
title = "Numerical study of uncertainty quantification techniques for implicit stiff systems",
author = "H. Cheng and A. Sandu",
booktitle = "Proceedings of the 45th annual southeast regional conference",
pages = "367 - 372",
year = 2007
}

# sensitivity

@conference{sensitivity1,
author = "M. M. Putko and A. C. Taylor and P. A. Newman and L. L. Green",
title = "Approach for Input Uncertainty Propagation and Robust Design in CFD Using Sensitivity Derivatives",
booktitle = "15th AIAA Computational Fluid Dynamics Conference",
year = 2001,
}

@misc{dakota,
author = "M. S. Eldred and A. A. Giunta and B. G. Van Bloemen Waanders and S. F. Wojtkiewics Jr. and W. E. Hart and M. Alleva",
year = 2002,
title = "DAKOTA, A Multilevel Parallel Object-Oriented Framework for Design Optimization, Parameter Estimation, Uncertainty Quantification, and Sensitivity Analysis Version 3.0 Developers Manual",
howpublished = "Technical Report, Sandia National Labs., Albuquerque, NM and Livermore, CA",
}

# adjoint

@article{adjoint1,
author = "T. R. Bewley",
title = "Flow control: new challenges for a new Renaissance",
journal = "Progress in Aerospace Sciences",
volume = 37,
number = 1,
pages = "21-58",
year = 2001,
}

@article{adjoint2,
author = "J. J. Reuther and A. Jameson and J. J. Alonso and M. J. Rimlinger and D. Saunders",
title = "Constrained multipoint aerodynamic shape optimization using an adjoint formulation and parallel computers",
journal = "Journal of aircraft",
year = 1999,
volume = 36,
number = 1,
pages = "51-60",
}

@inbook{cdp1,
author = "F. Ham and K. Mattsson and G. Iaccarino and P. Moin",
title = "Towards Time-Stable and Accurate LES on Unstructured Grids. Complex Effects in Large Eddy Simulation",
booktitle = "Lecture notes in Computational Science and Engineering",
volume = 56,
publisher = "Springer",
year = 2007,
}

@incollection{ss,
author = "F. Ham",
title = "Improved scalar transport for unstructured finite volume methods using grids based on simplex superposition",
booktitle = "Annual Research Briefs 2008",
publisher = "Center for Turbulence Research, Stanford University, NASA Ames",
year = 2008,
}

@article{least_interp,
author = "C. de Boor and A. Ron",
title = "The least solution for the polynomial interpolation problem",
journal = "Mathematische Zeitschrift",
volume = 210,
number = 1,
pages = "347-378",
year = 1992
}

@article{runge,
author = "C. Runge",
title = "Uber empirische Funktionen und die Interpolation zwischen aquidistanten Ordinaten",
journal = "Zeitschrift fur Mathematik und Physik",
volume = "46",
pages = "224-243",
year = 1901,
}

@article{kec,
author = "Y. Morinishi and T. S. Lund and O. V. Vasilyev and P. Moin",
journal = "Journal of computational physics",
volume = 143,
number = 1,
pages = "90-124",
year = 1998
}

@article{glynn_is,
 author = {P. W. Glynn and D. L. Iglehart},
 title = {Importance sampling for stochastic simulations},
 journal = {Manage. Sci.},
 volume = {35},
 number = {11},
 year = {1989},
 issn = {0025-1909},
 pages = {1367-1392},
 publisher = {INFORMS},
 address = {Institute for Operations Research and the Management Sciences (INFORMS), Linthicum, Maryland, USA},
 }

@INPROCEEDINGS{glynn_cv,
    author = {P. W. Glynn and R. Szechtman},
    title = {Some New Perspectives on the Method of Control Variates},
    booktitle = {{Monte Carlo} and Quasi-{Monte Carlo} Methods 2000},
    year = {2002},
    pages = {27-49},
    publisher = {Springer-Verlag}
}
 
@article{shepard,
author = "W. Gordon and J. Wixom",
title = "Shepard's method of ``metric interpolation'' to bivariate and
         multivariate interpolation",
journal = "Math. Comp.",
volume = 32,
number = 141,
pages = "253-264",
year = 1978
}

@book{moin,
author = "P. Moin",
title = "Fundamentals of engineering numerical analysis",
year = 2001,
publisher = "Cambridge University Press",
address = "New York, NY",
}

@book{niederreiter,
author = "H. Niederreiter",
title = "Random Number Generation and Quasi-{Monte Carlo} Methods",
publisher = "Society for Industrial and Applied Mathematics",
address = "Philadelphia, PA",
year = 1992,
}

@article{polyinterp,
author = "J. Boyd",
title = "A numerical comparison of seven grids for polynomial interpolation on
         the interval",
journal = "Computers and Mathematics with Applications",
volume = "38",
pages = "35-50",
year = 1999,
}

@conference{jameson01,
author = "A. Jameson",
title = "Time Integration Methods in Computational Aerodynamics",
year = 2003,
booktitle = "AFOSR Work Shop on Advances and Challenges in Time-Integration of PDEs",
address = "Providence, RI",
}

@article{temam,
title = "On some control problems in fluid mechanics",
journal = "Theoretical and Computational Fluid Dynamics",
volume = 1,
number = 6,
pages = "303-325",
year = 1990,
author = "F. Abergel and R. Temam",
}

@article{bdf2,
 author = {M. E. Hosea and L. F. Shampine},
 title = {Analysis and implementation of TR-BDF2},
 journal = {Appl. Numer. Math.},
 volume = {20},
 number = {1-2},
 year = {1996},
 issn = {0168-9274},
 pages = {21--37},
 doi = {http://dx.doi.org/10.1016/0168-9274(95)00115-8},
 publisher = {Elsevier Science Publishers B. V.},
 address = {Amsterdam, The Netherlands, The Netherlands},
}
